<?xml version="1.0" encoding="UTF-8"?><collection xmlns="http://www.loc.gov/MARC21/slim"><record><leader>00411nam--2200145-i-4500</leader><controlfield tag="001">000019449</controlfield><controlfield tag="002">20161230</controlfield><controlfield tag="005">20161230201033</controlfield><controlfield tag="008">060222s1000------------r-----000-0-eng-d</controlfield><datafield ind1=" " ind2=" " tag="080"><subfield code="a">015:538.3</subfield></datafield><datafield ind1=" " ind2=" " tag="100"><subfield code="a">Defour, Charles</subfield></datafield><datafield ind1=" " ind2=" " tag="245"><subfield code="a">Levitation electromagnetique des liquides. these</subfield></datafield><datafield ind1=" " ind2=" " tag="260"><subfield code="a">Paris, Faculte Des Sciences D`Orsay, Universite De Paris, 1971.  122 P. + 41 P.Dif</subfield></datafield><datafield ind1=" " ind2=" " tag="490"><subfield code="a">A</subfield></datafield><datafield ind1=" " ind2=" " tag="852"><subfield code="a">38229</subfield></datafield></record></collection>